
                <marcx:record format="danMARC2" type="BibliographicVolume">
                  <marcx:leader>000000000000000000000000</marcx:leader>
                  <marcx:datafield ind1="0" ind2="0" tag="001">
                    <marcx:subfield code="a">28608314</marcx:subfield>
                    <marcx:subfield code="b">870970</marcx:subfield>
                    <marcx:subfield code="c">20110207180016</marcx:subfield>
                    <marcx:subfield code="d">20110118</marcx:subfield>
                    <marcx:subfield code="f">a</marcx:subfield>
                  </marcx:datafield>
                  <marcx:datafield ind1="0" ind2="0" tag="004">
                    <marcx:subfield code="r">n</marcx:subfield>
                    <marcx:subfield code="a">b</marcx:subfield>
                  </marcx:datafield>
                  <marcx:datafield ind1="0" ind2="0" tag="008">
                    <marcx:subfield code="t">m</marcx:subfield>
                    <marcx:subfield code="u">f</marcx:subfield>
                    <marcx:subfield code="a">2010</marcx:subfield>
                    <marcx:subfield code="l">dan</marcx:subfield>
                    <marcx:subfield code="v">0</marcx:subfield>
                  </marcx:datafield>
                  <marcx:datafield ind1="0" ind2="0" tag="014">
                    <marcx:subfield code="a">25766024</marcx:subfield>
                  </marcx:datafield>
                  <marcx:datafield ind1="0" ind2="0" tag="021">
                    <marcx:subfield code="e">9788776021481</marcx:subfield>
                    <marcx:subfield code="c">hf.</marcx:subfield>
                  </marcx:datafield>
                  <marcx:datafield ind1="0" ind2="0" tag="032">
                    <marcx:subfield code="x">ACC201103</marcx:subfield>
                    <marcx:subfield code="a">DBF201106</marcx:subfield>
                    <marcx:subfield code="x">BKM201106</marcx:subfield>
                  </marcx:datafield>
                  <marcx:datafield ind1="0" ind2="0" tag="041">
                    <marcx:subfield code="d">eng</marcx:subfield>
                  </marcx:datafield>
                  <marcx:datafield ind1="0" ind2="0" tag="245">
                    <marcx:subfield code="g">3. bind, 13. hefte</marcx:subfield>
                    <marcx:subfield code="a">Urlev, Ørum, Stouby, Hornum</marcx:subfield>
                  </marcx:datafield>
                  <marcx:datafield ind1="0" ind2="0" tag="260">
                    <marcx:subfield code="c">2010</marcx:subfield>
                  </marcx:datafield>
                  <marcx:datafield ind1="0" ind2="0" tag="300">
                    <marcx:subfield code="a">Side 1157-1264</marcx:subfield>
                  </marcx:datafield>
                  <marcx:datafield ind1="0" ind2="0" tag="508">
                    <marcx:subfield code="a">Med resuméer på engelsk, samt parallelle billedtekster på dansk og engelsk</marcx:subfield>
                  </marcx:datafield>
                  <marcx:datafield ind1="0" ind2="0" tag="700">
                    <marcx:subfield code="a">Nyborg</marcx:subfield>
                    <marcx:subfield code="h">Ebbe</marcx:subfield>
                    <marcx:subfield code="4">aut</marcx:subfield>
                  </marcx:datafield>
                  <marcx:datafield ind1="0" ind2="0" tag="700">
                    <marcx:subfield code="a">Poulsen</marcx:subfield>
                    <marcx:subfield code="h">Niels Jørgen</marcx:subfield>
                    <marcx:subfield code="c">f. 1947</marcx:subfield>
                    <marcx:subfield code="4">aut</marcx:subfield>
                  </marcx:datafield>
                  <marcx:datafield ind1="0" ind2="0" tag="990">
                    <marcx:subfield code="o">201106</marcx:subfield>
                    <marcx:subfield code="b">v</marcx:subfield>
                    <marcx:subfield code="u">nt</marcx:subfield>
                  </marcx:datafield>
                </marcx:record>
              </marcx:collection>
              <os:identifier>870970-basis:28608314</os:identifier>
              <os:creationDate>2011-01-18</os:creationDate>
<os:holdingsCount>12</os:holdingsCount>
<os:lendingLibraries>12</os:lendingLibraries>
            <os:formatsAvailable>
              <os:format>dkabm</os:format>
            </os:formatsAvailable>
          </os:object>
        </os:collection>
      </ns1:originalData>
      <ns1:outputFormat>fullDisplay</ns1:outputFormat>
    </ns1:formatRequest>
  </SOAP-ENV:Body>
</SOAP-ENV:Envelope>
